@ARTICLE{9117073,
  author={A. A. R. {Alsaeedy} and E. K. P. {Chong}},
  journal={IEEE Open Journal of Engineering in Medicine and Biology}, 
  title={Detecting Regions At Risk for Spreading COVID-19 Using Existing Cellular Wireless Network Functionalities}, 
  year={2020},
  volume={1},
  number={},
  pages={187-189},}
  
  @inproceedings{Cormen2009IntroductionTA,
  title={Introduction to Algorithms, 3rd Edition},
  author={T. H. Cormen and C. Leiserson and R. Rivest and C. Stein},
  year={2009}
}

@INPROCEEDINGS{1527552,  author={ {Yi Tan} and  {Guo-Ji Zhang}},  booktitle={2005 International Conference on Machine Learning and Cybernetics},   title={The application of machine learning algorithm in underwriting process},   year={2005},  volume={6},  number={},  pages={3523-3527 Vol. 6},}

@INPROCEEDINGS{5641441,  author={ {Liu Xian}},  booktitle={2010 International Conference on Artificial Intelligence and Education (ICAIE)},   title={Artificial intelligence and modern sports education technology},   year={2010},  volume={},  number={},  pages={772-776},}

@MISC{qsort,
author = {Aggarwal, Anupama},
title = {Quicksort},
month = may,
year = {2013},
howpublished={\url{https://www.cc.gatech.edu/classes/cs3158_98_fall/quicksort.html}}
}